@inproceedings{conf/ictai/WahW99,
  added-at = {2014-12-19T00:00:00.000+0100},
  author = {Wah, Benjamin W. and Wang, Tao},
  biburl = {http://www.bibsonomy.org/bibtex/2e571dd0398d06c568258b93ef69792dc/dblp},
  booktitle = {ICTAI},
  //crossref = {conf/ictai/1999},
  ee = {http://doi.ieeecomputersociety.org/10.1109/TAI.1999.809827},
  interhash = {516947a78a57bd8f939b31f7d73f5b25},
  intrahash = {e571dd0398d06c568258b93ef69792dc},
  isbn = {0-7695-0456-6},
  keywords = {dblp},
  pages = {381-},
  publisher = {IEEE Computer Society},
  timestamp = {2015-06-18T19:02:05.000+0200},
  title = {Constrained Simulated Annealing with Applications in Nonlinear Continuous Constrained Global Optimization.},
  url = {http://dblp.uni-trier.de/db/conf/ictai/ictai1999.html#WahW99},
  year = 1999
},

@inproceedings{conf/sac/HoL10,
  added-at = {2010-04-25T00:00:00.000+0200},
  author = {Ho, Yi-Ju and Liu, Jing-Sin},
  biburl = {http://www.bibsonomy.org/bibtex/24992c2424593df0eff3e5e20a9b1e6f2/dblp},
  booktitle = {SAC},
  //crossref = {conf/sac/2010},
  editor = {Shin, Sung Y. and Ossowski, Sascha and Schumacher, Michael and Palakal, Mathew J. and Hung, Chih-Cheng},
  ee = {http://doi.acm.org/10.1145/1774088.1774361},
  interhash = {6a350ca3f9783a81c78dcb657fc14ab9},
  intrahash = {4992c2424593df0eff3e5e20a9b1e6f2},
  isbn = {978-1-60558-639-7},
  keywords = {dblp},
  pages = {1277-1281},
  publisher = {ACM},
  timestamp = {2015-11-04T11:51:43.000+0100},
  title = {Simulated annealing based algorithm for smooth robot path planning with different kinematic constraints.},
  url = {http://dblp.uni-trier.de/db/conf/sac/sac2010.html#HoL10},
  year = 2010
}

